Month,Country,revenue,orders,customers,quantity,year,month,revenue_lag_1,revenue_lag_2,revenue_lag_3,revenue_roll_3,revenue_roll_6
2009-12,Australia,271.1,2,2,160,2009,12,,,,,
2010-02,Australia,1029.66,3,3,624,2010,2,271.1,,,,
2010-03,Australia,429.39,2,2,191,2010,3,1029.66,271.1,,,
2010-04,Australia,630.95,2,2,560,2010,4,429.39,1029.66,271.1,576.7166666666667,
2010-05,Australia,2371.15,6,4,667,2010,5,630.95,429.39,1029.66,696.6666666666666,
2010-06,Australia,3214.78,3,3,2280,2010,6,2371.15,630.95,429.39,1143.83,
2010-07,Australia,686.12,3,2,224,2010,7,3214.78,2371.15,630.95,2072.2933333333335,1324.505
2010-08,Australia,176.0,1,1,88,2010,8,686.12,3214.78,2371.15,2090.6833333333334,1393.675
2010-09,Australia,785.83,2,2,293,2010,9,176.0,686.12,3214.78,1358.9666666666665,1251.3983333333333
2010-10,Australia,2989.15,9,8,1881,2010,10,785.83,176.0,686.12,549.3166666666665,1310.805
2010-11,Australia,18245.52,5,4,12900,2010,11,2989.15,785.83,176.0,1316.993333333333,1703.8383333333331
2010-12,Australia,1032.85,3,2,467,2010,12,18245.52,2989.15,785.83,7340.166666666667,4349.566666666667
2011-01,Australia,9017.710000000001,9,7,5644,2011,1,1032.85,18245.52,2989.15,7422.506666666665,3985.9116666666664
2011-02,Australia,14695.42,5,4,8680,2011,2,9017.710000000001,1032.85,18245.52,9432.026666666667,5374.509999999999
2011-03,Australia,17223.99,3,3,10439,2011,3,14695.42,9017.710000000001,1032.85,8248.660000000002,7794.413333333333
2011-04,Australia,771.6,2,2,225,2011,4,17223.99,14695.42,9017.710000000001,13645.706666666667,10534.106666666667
2011-05,Australia,13638.41,4,2,8999,2011,5,771.6,17223.99,14695.42,10897.003333333332,10164.515000000001
2011-06,Australia,25187.77,4,2,15981,2011,6,13638.41,771.6,17223.99,10544.666666666666,9396.663333333334
2011-07,Australia,4964.38,7,3,5318,2011,7,25187.77,13638.41,771.6,13199.26,13422.483333333332
2011-08,Australia,22489.2,2,2,12570,2011,8,4964.38,25187.77,13638.41,14596.853333333333,12746.928333333331
2011-09,Australia,5106.7300000000005,8,6,4079,2011,9,22489.2,4964.38,25187.77,17547.116666666665,14045.891666666668
2011-10,Australia,17150.53,4,2,7401,2011,10,5106.7300000000005,22489.2,4964.38,10853.436666666666,12026.348333333335
2011-11,Australia,7242.72,6,3,4098,2011,11,17150.53,5106.7300000000005,22489.2,14915.486666666666,14756.17
2009-12,Austria,1998.3400000000001,2,2,564,2009,12,,,,,
2010-02,Austria,1118.8600000000001,3,3,480,2010,2,1998.3400000000001,,,,
2010-03,Austria,925.13,5,4,401,2010,3,1118.8600000000001,1998.3400000000001,,,
2010-04,Austria,1388.54,1,1,798,2010,4,925.13,1118.8600000000001,1998.3400000000001,1347.4433333333334,
2010-05,Austria,622.04,1,1,655,2010,5,1388.54,925.13,1118.8600000000001,1144.1766666666667,
2010-06,Austria,268.1,1,1,281,2010,6,622.04,1388.54,925.13,978.57,
2010-08,Austria,1043.15,1,1,689,2010,8,268.1,622.04,1388.54,759.56,1053.5016666666668
2010-09,Austria,1940.17,5,3,1217,2010,9,1043.15,268.1,622.04,644.43,894.3033333333333
2010-10,Austria,1236.7,4,3,351,2010,10,1940.17,1043.15,268.1,1083.8066666666666,1031.1883333333333
2010-11,Austria,2873.3,5,4,1261,2010,11,1236.7,1940.17,1043.15,1406.6733333333334,1083.1166666666668
2010-12,Austria,277.2,1,1,51,2010,12,2873.3,1236.7,1940.17,2016.7233333333334,1330.5766666666666
2011-02,Austria,518.36,2,2,342,2011,2,277.2,2873.3,1236.7,1462.4000000000003,1273.1033333333332
2011-03,Austria,1708.12,2,2,982,2011,3,518.36,277.2,2873.3,1222.9533333333336,1314.8133333333335
2011-04,Austria,680.78,2,2,311,2011,4,1708.12,518.36,277.2,834.5600000000001,1425.6416666666667
2011-05,Austria,1249.43,2,2,476,2011,5,680.78,1708.12,518.36,969.0866666666667,1215.7433333333336
2011-07,Austria,1191.95,2,2,573,2011,7,1249.43,680.78,1708.12,1212.7766666666669,1217.865
2011-08,Austria,1516.08,2,2,790,2011,8,1191.95,1249.43,680.78,1040.7200000000003,937.64
2011-10,Austria,1043.78,1,1,491,2011,10,1516.08,1191.95,1249.43,1319.1533333333336,1144.1200000000001
2011-11,Austria,1329.78,2,2,717,2011,11,1043.78,1516.08,1191.95,1250.6033333333335,1231.69
2011-12,Austria,683.2,1,1,148,2011,12,1329.78,1043.78,1516.08,1296.5466666666669,1168.6333333333334
2010-02,Bahrain,439.85,1,0,159,2010,2,,,,,
2010-03,Bahrain,548.8,2,0,98,2010,3,439.85,,,,
2010-05,Bahrain,585.96,2,1,352,2010,5,548.8,439.85,,,
2010-06,Bahrain,463.28,1,0,224,2010,6,585.96,548.8,439.85,524.8700000000002,
2010-10,Bahrain,317.76,1,1,192,2010,10,463.28,585.96,548.8,532.6800000000002,
2010-12,Bahrain,205.74,1,0,54,2010,12,317.76,463.28,585.96,455.6666666666668,
2011-05,Bahrain,548.4,2,2,260,2011,5,205.74,317.76,463.28,328.9266666666668,426.8983333333333
2009-12,Belgium,447.6,3,2,153,2009,12,,,,,
2010-01,Belgium,1634.02,4,3,717,2010,1,447.6,,,,
2010-02,Belgium,3209.0,3,2,704,2010,2,1634.02,447.6,,,
2010-03,Belgium,904.02,3,3,487,2010,3,3209.0,1634.02,447.6,1763.5400000000002,
2010-04,Belgium,2570.39,4,4,1445,2010,4,904.02,3209.0,1634.02,1915.68,
2010-05,Belgium,98.15,1,1,38,2010,5,2570.39,904.02,3209.0,2227.8033333333333,
2010-06,Belgium,3800.34,6,4,1588,2010,6,98.15,2570.39,904.02,1190.8533333333335,1477.1966666666667
2010-07,Belgium,1914.23,7,6,1393,2010,7,3800.34,98.15,2570.39,2156.2933333333335,2035.9866666666667
2010-08,Belgium,1713.62,3,3,954,2010,8,1914.23,3800.34,98.15,1937.5733333333337,2082.6883333333335
2010-09,Belgium,1190.91,5,5,651,2010,9,1713.62,1914.23,3800.34,2476.0633333333335,1833.4583333333333
2010-10,Belgium,1475.72,5,4,664,2010,10,1190.91,1713.62,1914.23,1606.2533333333333,1881.2733333333335
2010-11,Belgium,5252.9800000000005,7,7,2743,2010,11,1475.72,1190.91,1713.62,1460.0833333333333,1698.8283333333331
2010-12,Belgium,1809.91,5,4,1755,2010,12,5252.9800000000005,1475.72,1190.91,2639.8700000000003,2557.9666666666667
2011-01,Belgium,1200.2,3,3,792,2011,1,1809.91,5252.9800000000005,1475.72,2846.2033333333343,2226.2283333333335
2011-02,Belgium,2181.07,8,7,1102,2011,2,1200.2,1809.91,5252.9800000000005,2754.363333333334,2107.2233333333334
2011-03,Belgium,3351.98,9,8,1783,2011,3,2181.07,1200.2,1809.91,1730.3933333333337,2185.1316666666667
2011-04,Belgium,1989.48,6,6,1183,2011,4,3351.98,2181.07,1200.2,2244.4166666666674,2545.31
2011-05,Belgium,2732.4,9,7,1829,2011,5,1989.48,3351.98,2181.07,2507.51,2630.936666666667
2011-06,Belgium,4274.82,11,11,2245,2011,6,2732.4,1989.48,3351.98,2691.286666666667,2210.8399999999997
2011-07,Belgium,2475.57,5,4,1679,2011,7,4274.82,2732.4,1989.48,2998.9,2621.6583333333333
2011-08,Belgium,3554.02,9,8,2069,2011,8,2475.57,4274.82,2732.4,3160.9300000000003,2834.22
2011-09,Belgium,4208.02,7,7,1969,2011,9,3554.02,2475.57,4274.82,3434.8033333333333,3063.045
2011-10,Belgium,5685.38,11,9,3170,2011,10,4208.02,3554.02,2475.57,3412.536666666667,3205.718333333333
2011-11,Belgium,6315.76,11,8,2560,2011,11,5685.38,4208.02,3554.02,4482.473333333334,3821.7016666666664
2011-12,Belgium,1417.73,4,4,1101,2011,12,6315.76,5685.38,4208.02,5403.053333333334,4418.928333333333
2010-03,Bermuda,1253.1399999999999,1,0,2798,2010,3,,,,,
2010-09,Brazil,268.27,1,1,189,2010,9,,,,,
2011-04,Brazil,1143.6,1,1,356,2011,4,268.27,,,,
2010-10,Canada,834.89,1,1,671,2010,10,,,,,
2010-11,Canada,381.77000000000004,1,1,223,2010,11,834.89,,,,
2011-03,Canada,140.54,1,1,88,2011,3,381.77000000000004,834.89,,,
2011-05,Canada,534.24,1,1,504,2011,5,140.54,381.77000000000004,834.89,452.4000000000003,
2011-06,Canada,1171.46,1,1,1092,2011,6,534.24,140.54,381.77000000000004,352.1833333333337,
2011-07,Canada,1768.58,2,1,1027,2011,7,1171.46,534.24,140.54,615.4133333333338,
2011-08,Canada,51.559999999999995,1,1,52,2011,8,1768.58,1171.46,534.24,1158.0933333333337,805.2466666666666
2009-12,Channel Islands,989.18,1,1,439,2009,12,,,,,
2010-01,Channel Islands,838.75,1,1,193,2010,1,989.18,,,,
2010-03,Channel Islands,1065.12,1,1,996,2010,3,838.75,989.18,,,
2010-04,Channel Islands,926.82,1,1,367,2010,4,1065.12,838.75,989.18,964.3500000000003,
2010-05,Channel Islands,5378.52,6,4,2403,2010,5,926.82,1065.12,838.75,943.5633333333336,
2010-06,Channel Islands,845.0,1,1,500,2010,6,5378.52,926.82,1065.12,2456.82,
2010-08,Channel Islands,1363.14,2,2,662,2010,8,845.0,5378.52,926.82,2383.446666666667,1673.8983333333333
2010-09,Channel Islands,6156.34,9,5,3341,2010,9,1363.14,845.0,5378.52,2528.886666666667,1736.2249999999997
2010-10,Channel Islands,4341.19,4,3,1899,2010,10,6156.34,1363.14,845.0,2788.1600000000003,2622.49
2010-11,Channel Islands,2278.73,3,3,1111,2010,11,4341.19,6156.34,1363.14,3953.5566666666673,3168.501666666667
2010-12,Channel Islands,363.53,1,1,80,2010,12,2278.73,4341.19,6156.34,4258.753333333334,3393.82
2011-01,Channel Islands,675.58,1,1,259,2011,1,363.53,2278.73,4341.19,2327.816666666667,2557.9883333333332
2011-02,Channel Islands,1784.71,1,1,935,2011,2,675.58,363.53,2278.73,1105.946666666667,2529.7516666666666
2011-03,Channel Islands,3509.33,3,3,2104,2011,3,1784.71,675.58,363.53,941.2733333333337,2600.013333333333
2011-04,Channel Islands,293.0,1,1,97,2011,4,3509.33,1784.71,675.58,1989.8733333333337,2158.845
2011-05,Channel Islands,1207.24,2,2,224,2011,5,293.0,3509.33,1784.71,1862.346666666667,1484.1466666666668
2011-06,Channel Islands,2060.0299999999997,1,1,836,2011,6,1207.24,293.0,3509.33,1669.8566666666668,1305.5649999999998
2011-08,Channel Islands,4896.78,5,4,2009,2011,8,2060.0299999999997,1207.24,293.0,1186.756666666667,1588.3149999999998
2011-09,Channel Islands,1323.75,2,2,764,2011,9,4896.78,2060.0299999999997,1207.24,2721.35,2291.848333333333
2011-10,Channel Islands,2623.32,5,2,1407,2011,10,1323.75,4896.78,2060.0299999999997,2760.186666666667,2215.021666666666
2011-11,Channel Islands,1514.77,3,2,716,2011,11,2623.32,1323.75,4896.78,2947.9500000000003,2067.353333333333
2011-12,Channel Islands,198.4,1,1,60,2011,12,1514.77,2623.32,1323.75,1820.6133333333337,2270.9816666666666
2009-12,Cyprus,3556.98,4,3,1578,2009,12,,,,,
2010-01,Cyprus,76.52000000000001,1,1,32,2010,1,3556.98,,,,
2010-02,Cyprus,750.49,2,1,294,2010,2,76.52000000000001,3556.98,,,
2010-03,Cyprus,2879.19,5,4,1055,2010,3,750.49,76.52000000000001,3556.98,1461.3300000000002,
2010-04,Cyprus,1151.7,2,1,459,2010,4,2879.19,750.49,76.52000000000001,1235.4000000000003,
2010-05,Cyprus,515.61,1,1,144,2010,5,1151.7,2879.19,750.49,1593.7933333333337,
2010-06,Cyprus,489.8,1,1,100,2010,6,515.61,1151.7,2879.19,1515.5000000000007,1488.415
2010-09,Cyprus,1020.53,3,3,502,2010,9,489.8,515.61,1151.7,719.036666666667,977.2183333333332
2010-10,Cyprus,551.33,1,1,253,2010,10,1020.53,489.8,515.61,675.3133333333336,1134.5533333333333
2010-11,Cyprus,397.59999999999997,1,1,208,2010,11,551.33,1020.53,489.8,687.2200000000003,1101.36
2010-12,Cyprus,1590.82,1,1,917,2010,12,397.59999999999997,551.33,1020.53,656.486666666667,687.7616666666664
2011-01,Cyprus,547.5,1,1,144,2011,1,1590.82,397.59999999999997,551.33,846.5833333333336,760.9483333333333
2011-02,Cyprus,4334.24,6,4,2191,2011,2,547.5,1590.82,397.59999999999997,845.306666666667,766.2633333333332
2011-03,Cyprus,938.39,1,1,1005,2011,3,4334.24,547.5,1590.82,2157.5200000000004,1407.003333333333
2011-06,Cyprus,1109.32,1,1,356,2011,6,938.39,4334.24,547.5,1940.043333333334,1393.3133333333333
2011-09,Cyprus,196.35,1,1,33,2011,9,1109.32,938.39,4334.24,2127.316666666667,1486.3116666666665
2011-10,Cyprus,4412.87,4,4,1415,2011,10,196.35,1109.32,938.39,748.0200000000003,1452.7699999999998
2011-11,Cyprus,460.89,1,1,300,2011,11,4412.87,196.35,1109.32,1906.1800000000003,1923.1116666666665
2011-02,Czech Republic,549.26,1,1,346,2011,2,,,,,
2011-10,Czech Republic,277.48,1,1,325,2011,10,549.26,,,,
2009-12,Denmark,1437.66,2,2,574,2009,12,,,,,
2010-01,Denmark,7870.6,2,2,63754,2010,1,1437.66,,,,
2010-02,Denmark,19809.899999999998,2,1,93230,2010,2,7870.6,1437.66,,,
2010-03,Denmark,7595.18,2,2,64302,2010,3,19809.899999999998,7870.6,1437.66,9706.053333333333,
2010-04,Denmark,748.0,1,1,576,2010,4,7595.18,19809.899999999998,7870.6,11758.56,
2010-06,Denmark,2695.5099999999998,4,3,1887,2010,6,748.0,7595.18,19809.899999999998,9384.36,
2010-07,Denmark,591.6600000000001,1,1,164,2010,7,2695.5099999999998,748.0,7595.18,3679.5633333333335,6692.808333333333
2010-08,Denmark,2643.03,3,3,1520,2010,8,591.6600000000001,2695.5099999999998,748.0,1345.0566666666666,6551.808333333333
2010-09,Denmark,1725.25,3,2,1307,2010,9,2643.03,591.6600000000001,2695.5099999999998,1976.7333333333333,5680.546666666666
2010-10,Denmark,448.6,2,2,169,2010,10,1725.25,2643.03,591.6600000000001,1653.3133333333335,2666.4383333333335
2010-11,Denmark,4059.96,3,3,1753,2010,11,448.6,1725.25,2643.03,1605.6266666666668,1475.3416666666665
2010-12,Denmark,1281.5,1,1,454,2010,12,4059.96,448.6,1725.25,2077.9366666666665,2027.335
2011-02,Denmark,399.22,1,1,224,2011,2,1281.5,4059.96,448.6,1930.0199999999998,1791.6666666666667
2011-03,Denmark,3978.9900000000002,1,1,879,2011,3,399.22,1281.5,4059.96,1913.5599999999997,1759.5933333333332
2011-05,Denmark,515.7,1,1,368,2011,5,3978.9900000000002,399.22,1281.5,1886.5699999999997,1982.2533333333333
2011-06,Denmark,3261.15,3,3,1544,2011,6,515.7,3978.9900000000002,399.22,1631.3033333333333,1780.6616666666669
2011-07,Denmark,376.24,1,1,241,2011,7,3261.15,515.7,3978.9900000000002,2585.2799999999997,2249.42
2011-08,Denmark,213.15,1,1,338,2011,8,376.24,3261.15,515.7,1384.363333333333,1635.466666666667
2011-09,Denmark,4570.16,3,3,1608,2011,9,213.15,376.24,3261.15,1283.513333333333,1457.4083333333335
2011-10,Denmark,1490.76,3,3,869,2011,10,4570.16,213.15,376.24,1719.8499999999997,2152.565
2011-11,Denmark,2699.57,2,2,1537,2011,11,1490.76,4570.16,213.15,2091.3566666666666,1737.86
2011-12,Denmark,168.9,1,1,173,2011,12,2699.57,1490.76,4570.16,2920.1633333333325,2101.838333333333
2009-12,EIRE,20099.74,20,2,9414,2009,12,,,,,
2010-01,EIRE,65258.43,32,5,30809,2010,1,20099.74,,,,
2010-02,EIRE,21538.8,18,3,11631,2010,2,65258.43,20099.74,,,
2010-03,EIRE,22989.46,27,3,14797,2010,3,21538.8,65258.43,20099.74,35632.323333333334,
2010-04,EIRE,23929.48,19,3,13793,2010,4,22989.46,21538.8,65258.43,36595.56333333333,
2010-05,EIRE,19121.93,19,2,9754,2010,5,23929.48,22989.46,21538.8,22819.24666666667,
2010-06,EIRE,22934.34,24,2,12306,2010,6,19121.93,23929.48,22989.46,22013.623333333333,28822.97333333333
2010-07,EIRE,35722.32,28,3,15415,2010,7,22934.34,19121.93,23929.48,21995.250000000004,29295.406666666666
2010-08,EIRE,26005.71,27,3,15808,2010,8,35722.32,22934.34,19121.93,25926.196666666667,24372.721666666665
2010-09,EIRE,36984.47,35,2,20120,2010,9,26005.71,35722.32,22934.34,28220.789999999997,25117.206666666665
2010-10,EIRE,50079.05,47,2,20053,2010,10,36984.47,26005.71,35722.32,32904.166666666664,27449.708333333332
2010-11,EIRE,31031.31,42,3,15491,2010,11,50079.05,36984.47,26005.71,37689.74333333334,31807.969999999998
2010-12,EIRE,10033.26,17,3,5770,2010,12,31031.31,50079.05,36984.47,39364.943333333336,33792.86666666666
2011-01,EIRE,21904.19,7,2,8794,2011,1,10033.26,31031.31,50079.05,30381.20666666667,31642.686666666665
2011-02,EIRE,12248.74,13,2,6004,2011,2,21904.19,10033.26,31031.31,20989.586666666666,29339.664999999997
2011-03,EIRE,22197.51,23,3,9580,2011,3,12248.74,21904.19,10033.26,14728.730000000001,27046.836666666666
2011-04,EIRE,7570.5,11,2,4135,2011,4,22197.51,12248.74,21904.19,18783.48,24582.343333333334
2011-05,EIRE,18008.760000000002,22,3,8028,2011,5,7570.5,22197.51,12248.74,14005.583333333334,17497.584999999995
2011-06,EIRE,24863.61,28,2,12905,2011,6,18008.760000000002,7570.5,22197.51,15925.590000000002,15327.159999999998
2011-07,EIRE,42789.85,27,3,22111,2011,7,24863.61,18008.760000000002,7570.5,16814.29,17798.885
2011-08,EIRE,18353.75,19,2,10077,2011,8,42789.85,24863.61,18008.760000000002,28554.073333333334,21279.82833333333
2011-09,EIRE,43086.55,38,2,23086,2011,9,18353.75,42789.85,24863.61,28669.069999999996,22297.329999999998
2011-10,EIRE,24317.920000000002,31,2,15904,2011,10,43086.55,18353.75,42789.85,34743.38333333333,25778.836666666666
2011-11,EIRE,30738.43,42,2,16657,2011,11,24317.920000000002,43086.55,18353.75,28586.073333333334,28570.073333333334
2011-12,EIRE,7340.89,10,1,4122,2011,12,30738.43,24317.920000000002,43086.55,32714.300000000003,30691.684999999998
2011-04,European Community,191.4,1,1,34,2011,4,,,,,
2011-06,European Community,432.05,2,1,130,2011,6,191.4,,,,
2011-07,European Community,676.8,1,1,335,2011,7,432.05,191.4,,,
2009-12,Finland,549.08,1,1,134,2009,12,,,,,
2010-01,Finland,801.42,2,2,263,2010,1,549.08,,,,
2010-04,Finland,1255.13,3,2,649,2010,4,801.42,549.08,,,
2010-05,Finland,837.11,1,1,370,2010,5,1255.13,801.42,549.08,868.5433333333334,
2010-06,Finland,534.14,1,1,242,2010,6,837.11,1255.13,801.42,964.5533333333334,
2010-07,Finland,956.23,2,2,362,2010,7,534.14,837.11,1255.13,875.46,
2010-09,Finland,864.68,2,2,763,2010,9,956.23,534.14,837.11,775.8266666666667,822.1849999999976
2010-10,Finland,1166.69,2,2,675,2010,10,864.68,956.23,534.14,785.0166666666665,874.7849999999976
2010-11,Finland,414.98,2,1,213,2010,11,1166.69,864.68,956.23,995.8666666666667,935.6633333333308
2010-12,Finland,892.8,1,1,1254,2010,12,414.98,1166.69,864.68,815.4499999999999,795.6383333333309
2011-01,Finland,889.02,2,2,765,2011,1,892.8,414.98,1166.69,824.8233333333334,804.9199999999977
2011-02,Finland,205.16,1,1,141,2011,2,889.02,892.8,414.98,732.2666666666668,864.0666666666642
2011-03,Finland,5936.82,5,1,2536,2011,3,205.16,889.02,892.8,662.3266666666667,738.8883333333309
2011-04,Finland,1688.92,4,4,818,2011,4,5936.82,205.16,889.02,2343.6666666666665,1584.2449999999974
2011-06,Finland,329.56,1,1,157,2011,6,1688.92,5936.82,205.16,2610.2999999999997,1671.2833333333308
2011-07,Finland,2996.73,3,3,1273,2011,7,329.56,1688.92,5936.82,2651.766666666667,1657.0466666666641
2011-08,Finland,1376.5,3,2,693,2011,8,2996.73,329.56,1688.92,1671.7366666666667,2007.701666666664
2011-09,Finland,1105.45,4,4,515,2011,9,1376.5,2996.73,329.56,1567.5966666666666,2088.9483333333305
2011-10,Finland,2822.12,6,5,1115,2011,10,1105.45,1376.5,2996.73,1826.2266666666665,2238.996666666664
2011-11,Finland,3070.24,8,5,1087,2011,11,2822.12,1105.45,1376.5,1768.0233333333333,1719.8799999999974
2011-12,Finland,1232.76,3,3,350,2011,12,3070.24,2822.12,1105.45,2332.603333333333,1950.0999999999974
2009-12,France,6521.69,13,10,3688,2009,12,,,,,
2010-01,France,8465.63,12,9,5313,2010,1,6521.69,,,,
2010-02,France,9024.16,17,12,4996,2010,2,8465.63,6521.69,,,
2010-03,France,8657.59,16,12,4553,2010,3,9024.16,8465.63,6521.69,8003.826666666665,
2010-04,France,7642.9800000000005,11,8,4156,2010,4,8657.59,9024.16,8465.63,8715.793333333333,
2010-05,France,13958.15,16,14,8941,2010,5,7642.9800000000005,8657.59,9024.16,8441.576666666666,
2010-06,France,9172.54,23,18,5709,2010,6,13958.15,7642.9800000000005,8657.59,10086.24,9045.033333333331
2010-07,France,11546.64,18,14,4138,2010,7,9172.54,13958.15,7642.9800000000005,10257.89,9486.841666666664
2010-08,France,16570.32,10,10,89914,2010,8,11546.64,9172.54,13958.15,11559.11,10000.34333333333
2010-09,France,14531.33,26,16,6960,2010,9,16570.32,11546.64,9172.54,12429.833333333334,11258.036666666665
2010-10,France,15211.77,28,22,9923,2010,10,14531.33,16570.32,11546.64,14216.096666666665,12236.99333333333
2010-11,France,19618.27,40,24,11703,2010,11,15211.77,14531.33,16570.32,15437.806666666665,13498.45833333333
2010-12,France,9616.31,21,15,4989,2010,12,19618.27,15211.77,14531.33,16453.789999999997,14441.811666666663
2011-01,France,17740.12,29,24,9199,2011,1,9616.31,19618.27,15211.77,14815.449999999997,14515.77333333333
2011-02,France,8515.96,21,17,5340,2011,2,17740.12,9616.31,19618.27,15658.233333333332,15548.019999999999
2011-03,France,14589.55,25,17,8690,2011,3,8515.96,17740.12,9616.31,11957.463333333331,14205.626666666663
2011-04,France,5529.61,14,14,2287,2011,4,14589.55,8515.96,17740.12,13615.209999999997,14215.33
2011-05,France,17614.88,39,28,9788,2011,5,5529.61,14589.55,8515.96,9545.039999999997,12601.636666666665
2011-06,France,16348.41,31,25,9705,2011,6,17614.88,5529.61,14589.55,12578.01333333333,12267.738333333333
2011-07,France,10000.19,22,18,5664,2011,7,16348.41,17614.88,5529.61,13164.299999999997,13389.754999999997
2011-08,France,13810.96,28,22,7958,2011,8,10000.19,16348.41,17614.88,14654.493333333332,12099.766666666665
2011-09,France,23428.04,45,36,13002,2011,9,13810.96,10000.19,16348.41,13386.519999999997,12982.266666666665
2011-10,France,33485.45,35,27,13807,2011,10,23428.04,13810.96,10000.19,15746.396666666662,14455.34833333333
2011-11,France,31758.71,64,39,17889,2011,11,33485.45,23428.04,13810.96,23574.816666666662,19114.654999999995
2011-12,France,7294.92,18,17,3786,2011,12,31758.71,33485.45,23428.04,29557.399999999994,21471.959999999995
2009-12,Germany,10096.85,18,10,4828,2009,12,,,,,
2010-01,Germany,12562.11,21,13,6321,2010,1,10096.85,,,,
2010-02,Germany,9124.25,27,18,4789,2010,2,12562.11,10096.85,,,
2010-03,Germany,16698.08,28,19,8883,2010,3,9124.25,12562.11,10096.85,10594.403333333328,
2010-04,Germany,23683.231,31,22,12557,2010,4,16698.08,9124.25,12562.11,12794.81333333333,
2010-05,Germany,9108.36,17,14,4246,2010,5,23683.231,16698.08,9124.25,16501.853666666662,
2010-06,Germany,15678.630000000001,27,16,9326,2010,6,9108.36,23683.231,16698.08,16496.556999999997,13545.480166666666
2010-07,Germany,20274.29,26,21,13100,2010,7,15678.630000000001,9108.36,23683.231,16156.74033333333,14475.77683333333
2010-08,Germany,9943.119999999999,24,16,5264,2010,8,20274.29,15678.630000000001,9108.36,15020.42666666666,15761.140166666664
2010-09,Germany,17740.18,32,21,9257,2010,9,9943.119999999999,20274.29,15678.630000000001,15298.679999999995,15897.618499999997
2010-10,Germany,21561.63,38,30,11857,2010,10,17740.18,9943.119999999999,20274.29,15985.863333333327,16071.301833333331
2010-11,Germany,30240.51,43,26,15679,2010,11,21561.63,17740.18,9943.119999999999,16414.976666666662,15717.701666666666
2010-12,Germany,15241.14,30,18,6877,2010,12,30240.51,21561.63,17740.18,23180.773333333327,19239.726666666666
2011-01,Germany,16910.84,31,28,9077,2011,1,15241.14,30240.51,21561.63,22347.759999999995,19166.811666666665
2011-02,Germany,9581.05,19,17,4245,2011,2,16910.84,15241.14,30240.51,20797.496666666662,18606.236666666664
2011-03,Germany,14392.69,32,24,7739,2011,3,9581.05,16910.84,15241.14,13911.009999999995,18545.891666666663
2011-04,Germany,12315.54,23,19,5764,2011,4,14392.69,9581.05,16910.84,13628.193333333329,17987.976666666666
2011-05,Germany,25751.2,42,27,12997,2011,5,12315.54,14392.69,9581.05,12096.42666666666,16446.961666666666
2011-06,Germany,13274.1,24,21,7470,2011,6,25751.2,12315.54,14392.69,17486.476666666666,15698.74333333333
2011-07,Germany,16440.98,33,26,9096,2011,7,13274.1,25751.2,12315.54,17113.61333333333,15370.90333333333
2011-08,Germany,19220.77,39,29,9641,2011,8,16440.98,13274.1,25751.2,18488.759999999995,15292.59333333333
2011-09,Germany,18091.22,41,31,11156,2011,9,19220.77,16440.98,13274.1,16311.949999999997,16899.21333333333
2011-10,Germany,31638.42,58,38,17740,2011,10,18091.22,19220.77,16440.98,17917.656666666662,17515.635
2011-11,Germany,28025.02,68,44,13453,2011,11,31638.42,18091.22,19220.77,22983.469999999998,20736.114999999998
2011-12,Germany,7984.17,17,12,4006,2011,12,28025.02,31638.42,18091.22,25918.21999999999,21115.084999999995
2009-12,Greece,610.95,1,1,441,2009,12,,,,,
2010-01,Greece,4798.35,3,2,1573,2010,1,610.95,,,,
2010-03,Greece,522.73,1,1,259,2010,3,4798.35,610.95,,,
2010-04,Greece,277.93,1,1,94,2010,4,522.73,4798.35,610.95,1977.3433333333287,
2010-05,Greece,2476.22,2,2,806,2010,5,277.93,522.73,4798.35,1866.3366666666618,
2010-06,Greece,302.4,1,1,120,2010,6,2476.22,277.93,522.73,1092.2933333333283,
2010-08,Greece,721.7099999999999,1,1,561,2010,8,302.4,2476.22,277.93,1018.849999999995,1498.0966666666643
2010-09,Greece,780.06,1,1,146,2010,9,721.7099999999999,302.4,2476.22,1166.7766666666619,1516.556666666664
2010-10,Greece,3084.02,1,1,1753,2010,10,780.06,721.7099999999999,302.4,601.3899999999951,846.8416666666641
2010-11,Greece,761.3,1,1,414,2010,11,3084.02,780.06,721.7099999999999,1528.5966666666618,1273.7233333333309
2011-01,Greece,2661.24,1,1,526,2011,1,761.3,3084.02,780.06,1541.7933333333285,1354.2849999999976
2011-03,Greece,387.31,1,1,289,2011,3,2661.24,761.3,3084.02,2168.8533333333285,1385.1216666666642
2011-04,Greece,609.74,1,1,262,2011,4,387.31,2661.24,761.3,1269.949999999995,1399.2733333333308
2011-07,Greece,421.24,1,1,244,2011,7,609.74,387.31,2661.24,1219.429999999995,1380.6116666666642
2011-12,Greece,680.99,1,1,236,2011,12,421.24,609.74,387.31,472.7633333333286,1320.808333333331
2010-04,Hong Kong,2236.61,1,0,1367,2010,4,,,,,
2010-05,Hong Kong,2396.61,1,0,1,2010,5,2236.61,,,,
2010-06,Hong Kong,1685.6499999999999,1,0,939,2010,6,2396.61,2236.61,,,
2010-08,Hong Kong,1883.65,1,0,1,2010,8,1685.6499999999999,2396.61,2236.61,2106.2899999999954,
2011-01,Hong Kong,2439.76,1,0,1121,2011,1,1883.65,1685.6499999999999,2396.61,1988.636666666662,
2011-03,Hong Kong,2583.76,1,0,1,2011,3,2439.76,1883.65,1685.6499999999999,2003.0199999999957,
2011-04,Hong Kong,1539.64,1,0,732,2011,4,2583.76,2439.76,1883.65,2302.389999999996,2204.339999999998
2011-05,Hong Kong,1966.16,1,0,1262,2011,5,1539.64,2583.76,2439.76,2187.7199999999953,2088.178333333331
2011-06,Hong Kong,633.96,1,0,537,2011,6,1966.16,1539.64,2583.76,2029.853333333329,2016.436666666664
2011-08,Hong Kong,2813.9500000000003,2,0,736,2011,8,633.96,1966.16,1539.64,1379.9199999999953,1841.1549999999977
2011-09,Hong Kong,2653.95,1,0,1,2011,9,2813.9500000000003,633.96,1966.16,1804.6899999999953,1996.2049999999979
2011-10,Hong Kong,734.52,2,0,382,2011,10,2653.95,2813.9500000000003,633.96,2033.9533333333286,2031.903333333331
2011-11,Hong Kong,326.1,1,0,1,2011,11,734.52,2653.95,2813.9500000000003,2067.4733333333284,1723.6966666666642
2010-10,Iceland,611.53,1,1,509,2010,10,,,,,
2010-12,Iceland,711.79,1,1,319,2010,12,611.53,,,,
2011-01,Iceland,475.39,1,1,315,2011,1,711.79,611.53,,,
2011-04,Iceland,636.25,1,1,483,2011,4,475.39,711.79,611.53,599.5699999999953,
2011-06,Iceland,382.52,1,1,196,2011,6,636.25,475.39,711.79,607.8099999999953,
2011-08,Iceland,584.9100000000001,1,1,277,2011,8,382.52,636.25,475.39,498.05333333332857,
2011-10,Iceland,1294.32,1,1,676,2011,10,584.9100000000001,382.52,636.25,534.5599999999953,567.0649999999976
2011-12,Iceland,224.82,1,1,192,2011,12,1294.32,584.9100000000001,382.52,753.916666666662,680.8633333333308
2010-07,Israel,1950.98,1,1,762,2010,7,,,,,
2010-11,Israel,1248.42,1,1,370,2010,11,1950.98,,,,
2011-01,Israel,379.84000000000003,1,0,100,2011,1,1248.42,1950.98,,,
2011-02,Israel,779.1,1,1,286,2011,2,379.84000000000003,1248.42,1950.98,1193.0799999999954,
2011-04,Israel,110.0,1,0,30,2011,4,779.1,379.84000000000003,1248.42,802.4533333333287,
2011-07,Israel,1430.75,1,1,633,2011,7,110.0,779.1,379.84000000000003,422.9799999999953,
2011-08,Israel,4873.8099999999995,1,1,3028,2011,8,1430.75,110.0,779.1,773.2833333333286,983.1816666666642
2011-09,Israel,423.73,1,0,233,2011,9,4873.8099999999995,1430.75,110.0,2138.1866666666615,1470.3199999999977
2011-10,Israel,138.03,2,1,99,2011,10,423.73,4873.8099999999995,1430.75,2242.7633333333283,1332.8716666666642
2009-12,Italy,422.35,1,1,157,2009,12,,,,,
2010-01,Italy,39.67,1,1,1,2010,1,422.35,,,,
2010-03,Italy,734.22,2,2,499,2010,3,39.67,422.35,,,
2010-04,Italy,1525.85,2,2,890,2010,4,734.22,39.67,422.35,398.74666666666184,
2010-05,Italy,2374.7,4,3,1043,2010,5,1525.85,734.22,39.67,766.579999999995,
2010-06,Italy,267.45,2,2,134,2010,6,2374.7,1525.85,734.22,1544.9233333333284,
2010-09,Italy,1380.56,2,2,1074,2010,9,267.45,2374.7,1525.85,1389.3333333333285,894.0399999999976
2010-10,Italy,5221.42,7,7,2140,2010,10,1380.56,267.45,2374.7,1340.9033333333284,1053.741666666664
2010-11,Italy,2673.16,6,5,1287,2010,11,5221.42,1380.56,267.45,2289.8099999999954,1917.366666666664
2010-12,Italy,811.5,2,2,295,2010,12,2673.16,5221.42,1380.56,3091.713333333328,2240.523333333331
2011-01,Italy,2402.51,3,3,1121,2011,1,811.5,2673.16,5221.42,2902.0266666666616,2121.4649999999974
2011-02,Italy,256.0,1,1,111,2011,2,2402.51,811.5,2673.16,1962.389999999995,2126.0999999999976
2011-03,Italy,1806.81,4,3,688,2011,3,256.0,2402.51,811.5,1156.6699999999953,2124.1916666666643
2011-04,Italy,737.8299999999999,2,2,653,2011,4,1806.81,256.0,2402.51,1488.439999999995,2195.233333333331
2011-05,Italy,587.45,1,1,267,2011,5,737.8299999999999,1806.81,256.0,933.5466666666617,1447.9683333333307
2011-06,Italy,202.07,2,2,55,2011,6,587.45,737.8299999999999,1806.81,1044.0299999999952,1100.3499999999974
2011-07,Italy,147.1,1,1,22,2011,7,202.07,587.45,737.8299999999999,509.1166666666618,998.7783333333308
2011-08,Italy,1990.95,4,3,1147,2011,8,147.1,202.07,587.45,312.2066666666618,622.876666666664
2011-09,Italy,279.8,1,1,48,2011,9,1990.95,147.1,202.07,780.0399999999951,912.0349999999975
2011-10,Italy,3489.69,7,5,1597,2011,10,279.8,1990.95,147.1,805.9499999999952,657.5333333333308
2011-11,Italy,4571.08,9,9,2063,2011,11,3489.69,279.8,1990.95,1920.146666666662,1116.1766666666642
2011-12,Italy,200.45000000000002,1,1,45,2011,12,4571.08,3489.69,279.8,2780.189999999995,1780.1149999999973
2010-01,Japan,2.95,1,1,1,2010,1,,,,,
2010-02,Japan,193.72,2,2,117,2010,2,2.95,,,,
2010-03,Japan,110.4,1,1,48,2010,3,193.72,2.95,,,
2010-06,Japan,594.68,2,2,428,2010,6,110.4,193.72,2.95,102.35666666666212,
2010-07,Japan,1253.3,3,1,726,2010,7,594.68,110.4,193.72,299.5999999999954,
2010-09,Japan,1895.0,1,1,1100,2010,9,1253.3,594.68,110.4,652.7933333333287,
2010-10,Japan,1533.8899999999999,1,1,3199,2010,10,1895.0,1253.3,594.68,1247.6599999999955,675.0083333333308
2010-11,Japan,23.6,3,1,8,2010,11,1533.8899999999999,1895.0,1253.3,1560.7299999999952,930.1649999999973
2010-12,Japan,7705.07,3,3,4093,2010,12,23.6,1533.8899999999999,1895.0,1150.8299999999954,901.8116666666641
2011-02,Japan,5780.8099999999995,2,2,2999,2011,2,7705.07,23.6,1533.8899999999999,3087.5199999999954,2167.5899999999974
2011-03,Japan,48.9,3,3,21,2011,3,5780.8099999999995,7705.07,23.6,4503.159999999995,3031.9449999999974
2011-04,Japan,6548.5,2,2,8058,2011,4,48.9,5780.8099999999995,7705.07,4511.593333333329,2831.2116666666643
2011-05,Japan,1351.45,1,1,743,2011,5,6548.5,48.9,5780.8099999999995,4126.069999999995,3606.794999999997
2011-06,Japan,1607.04,1,1,2256,2011,6,1351.45,6548.5,48.9,2649.616666666662,3576.3883333333306
2011-07,Japan,3854.4,2,2,2328,2011,7,1607.04,1351.45,6548.5,3168.9966666666623,3840.294999999997
2011-09,Japan,112.07999999999998,1,1,144,2011,9,3854.4,1607.04,1351.45,2270.963333333329,3198.516666666664
2011-10,Japan,1948.0400000000002,2,2,1124,2011,10,112.07999999999998,3854.4,1607.04,1857.8399999999956,2253.728333333331
2011-11,Japan,8460.08,2,2,4250,2011,11,1948.0400000000002,112.07999999999998,3854.4,1971.5066666666623,2570.251666666664
2010-09,Korea,168.69000000000003,1,1,102,2010,9,,,,,
2010-11,Korea,949.82,1,1,598,2010,11,168.69000000000003,,,,
2010-09,Lebanon,211.7,1,0,72,2010,9,,,,,
2011-01,Lebanon,1693.88,1,1,386,2011,1,211.7,,,,
2010-07,Lithuania,1706.23,1,1,971,2010,7,,,,,
2010-11,Lithuania,1525.39,1,1,683,2010,11,1706.23,,,,
2010-12,Lithuania,1661.06,4,1,652,2010,12,1525.39,1706.23,,,
2010-02,Malta,1636.38,2,1,606,2010,2,,,,,
2010-08,Malta,3737.12,2,1,943,2010,8,1636.38,,,,
2011-06,Malta,863.16,2,1,402,2011,6,3737.12,1636.38,,,
2011-08,Malta,1119.0,2,2,382,2011,8,863.16,3737.12,1636.38,2078.886666666662,
2011-11,Malta,743.43,1,1,186,2011,11,1119.0,863.16,3737.12,1906.426666666662,
2009-12,Netherlands,15204.73,6,2,10822,2009,12,,,,,
2010-01,Netherlands,29230.77,6,3,20531,2010,1,15204.73,,,,
2010-02,Netherlands,17255.39,8,2,9883,2010,2,29230.77,15204.73,,,
2010-03,Netherlands,24447.98,15,4,16662,2010,3,17255.39,29230.77,15204.73,20563.629999999994,
2010-04,Netherlands,6888.78,10,8,4944,2010,4,24447.98,17255.39,29230.77,23644.71333333333,
2010-05,Netherlands,22416.53,8,6,14910,2010,5,6888.78,24447.98,17255.39,16197.38333333333,
2010-06,Netherlands,24224.51,8,4,15761,2010,6,22416.53,6888.78,24447.98,17917.763333333325,19240.696666666663
2010-07,Netherlands,5534.29,10,8,3410,2010,7,24224.51,22416.53,6888.78,17843.273333333327,20743.993333333332
2010-08,Netherlands,25028.69,10,5,17667,2010,8,5534.29,24224.51,22416.53,17391.77666666666,16794.579999999998
2010-09,Netherlands,45037.14,19,8,29199,2010,9,25028.69,5534.29,24224.51,18262.496666666662,18090.129999999997
2010-10,Netherlands,17265.85,12,4,17628,2010,10,45037.14,25028.69,5534.29,25200.039999999994,21521.656666666666
2010-11,Netherlands,36058.74,22,7,22102,2010,11,17265.85,45037.14,25028.69,29110.559999999998,23251.16833333333
2010-12,Netherlands,8784.48,3,2,6811,2010,12,36058.74,17265.85,45037.14,32787.243333333325,25524.869999999995
2011-01,Netherlands,26611.16,5,2,20417,2011,1,8784.48,36058.74,17265.85,20703.023333333327,22951.531666666662
2011-02,Netherlands,23011.91,5,2,16387,2011,2,26611.16,8784.48,36058.74,23818.12666666666,26464.343333333334
2011-03,Netherlands,22416.489999999998,8,4,14828,2011,3,23011.91,26611.16,8784.48,19469.18333333333,26128.213333333333
2011-04,Netherlands,2976.56,3,1,1768,2011,4,22416.489999999998,23011.91,26611.16,24013.18666666666,22358.104999999996
2011-05,Netherlands,29185.88,11,4,19936,2011,5,2976.56,22416.489999999998,23011.91,16134.986666666662,19976.55666666666
2011-06,Netherlands,26858.09,11,5,19744,2011,6,29185.88,2976.56,22416.489999999998,18192.976666666662,18831.079999999998
2011-07,Netherlands,26.02,1,1,10,2011,7,26858.09,29185.88,2976.56,19673.509999999995,21843.34833333333
2011-08,Netherlands,40327.81,7,1,29300,2011,8,26.02,26858.09,29185.88,18689.996666666662,17412.491666666665
2011-09,Netherlands,26937.26,7,2,17309,2011,9,40327.81,26.02,26858.09,22403.973333333328,20298.474999999995
2011-10,Netherlands,40708.65,15,4,27230,2011,10,26937.26,40327.81,26.02,22430.363333333327,21051.936666666665
2011-11,Netherlands,25874.01,15,4,18663,2011,11,40708.65,26937.26,40327.81,35991.24,27340.618333333332
2011-12,Netherlands,11728.02,3,1,7958,2011,12,25874.01,40708.65,26937.26,31173.30666666666,26788.64
2010-01,Nigeria,27.82,1,1,1,2010,1,,,,,
2010-08,Nigeria,112.57000000000001,1,1,102,2010,8,27.82,,,,
2009-12,Norway,485.31,1,1,182,2009,12,,,,,
2010-03,Norway,13916.34,2,1,2,2010,3,485.31,,,,
2010-08,Norway,152.4,1,1,508,2010,8,13916.34,485.31,,,
2010-09,Norway,973.69,1,1,619,2010,9,152.4,13916.34,485.31,4851.349999999995,
2010-11,Norway,4629.32,4,3,2974,2010,11,973.69,152.4,13916.34,5014.143333333329,
2010-12,Norway,3787.12,2,1,3582,2010,12,4629.32,973.69,152.4,1918.469999999995,
2011-02,Norway,630.9,2,2,295,2011,2,3787.12,4629.32,973.69,3130.043333333329,3990.6966666666644
2011-03,Norway,1265.31,4,1,156,2011,3,630.9,3787.12,4629.32,3015.779999999995,4014.961666666664
2011-06,Norway,5886.860000000001,4,2,2009,2011,6,1265.31,630.9,3787.12,1894.4433333333284,1906.4566666666642
2011-07,Norway,890.0699999999999,1,1,586,2011,7,5886.860000000001,1265.31,630.9,2594.356666666662,2862.1999999999975
2011-08,Norway,2025.81,2,2,636,2011,8,890.0699999999999,5886.860000000001,1265.31,2680.746666666662,2848.263333333331
2011-09,Norway,8678.94,6,5,4655,2011,9,2025.81,890.0699999999999,5886.860000000001,2934.246666666662,2414.3449999999975
2011-10,Norway,3687.23,7,5,1692,2011,10,8678.94,2025.81,890.0699999999999,3864.939999999995,3229.648333333331
2011-11,Norway,6527.5,5,5,3406,2011,11,3687.23,8678.94,2025.81,4797.326666666661,3739.0366666666646
2011-12,Norway,2785.7000000000003,3,2,2319,2011,12,6527.5,3687.23,8678.94,6297.889999999995,4616.068333333332
2009-12,Poland,371.82,1,1,266,2009,12,,,,,
2010-03,Poland,318.86,1,1,194,2010,3,371.82,,,,
2010-06,Poland,556.16,1,1,282,2010,6,318.86,371.82,,,
2010-07,Poland,374.75,1,1,143,2010,7,556.16,318.86,371.82,415.61333333332846,
2010-08,Poland,527.4399999999999,1,1,320,2010,8,374.75,556.16,318.86,416.58999999999514,
2010-09,Poland,349.47,2,2,231,2010,9,527.4399999999999,374.75,556.16,486.1166666666618,
2010-11,Poland,821.14,2,2,568,2010,11,349.47,527.4399999999999,374.75,417.2199999999951,416.41666666666424
2010-12,Poland,248.16,1,1,140,2010,12,821.14,349.47,527.4399999999999,566.0166666666618,491.30333333333084
2011-01,Poland,613.22,1,1,288,2011,1,248.16,821.14,349.47,472.92333333332857,479.51999999999754
2011-02,Poland,604.05,2,2,297,2011,2,613.22,248.16,821.14,560.8399999999951,489.02999999999764
2011-03,Poland,317.78,1,1,162,2011,3,604.05,613.22,248.16,488.47666666666174,527.2466666666643
2011-04,Poland,705.8399999999999,1,1,432,2011,4,317.78,604.05,613.22,511.6833333333284,492.30333333333095
2011-05,Poland,1522.37,3,3,616,2011,5,705.8399999999999,317.78,604.05,542.5566666666617,551.6983333333309
2011-06,Poland,343.65000000000003,2,2,81,2011,6,1522.37,705.8399999999999,317.78,848.6633333333284,668.5699999999975
2011-07,Poland,687.3,2,2,288,2011,7,343.65000000000003,1522.37,705.8399999999999,857.2866666666619,684.4849999999975
2011-08,Poland,401.8,2,2,186,2011,8,687.3,343.65000000000003,1522.37,851.1066666666617,696.8316666666642
2011-09,Poland,529.25,2,2,253,2011,9,401.8,687.3,343.65000000000003,477.5833333333285,663.1233333333308
2011-11,Poland,1361.23,2,2,941,2011,11,529.25,401.8,687.3,539.4499999999952,698.3683333333307
2009-12,Portugal,2821.58,2,2,1575,2009,12,,,,,
2010-01,Portugal,117.72,1,1,1,2010,1,2821.58,,,,
2010-02,Portugal,458.83000000000004,3,2,245,2010,2,117.72,2821.58,,,
2010-03,Portugal,2519.05,2,2,1349,2010,3,458.83000000000004,117.72,2821.58,1132.7099999999953,
2010-04,Portugal,85.53999999999999,1,1,46,2010,4,2519.05,458.83000000000004,117.72,1031.866666666662,
2010-05,Portugal,757.2,2,2,216,2010,5,85.53999999999999,2519.05,458.83000000000004,1021.1399999999953,
2010-06,Portugal,3668.46,4,4,1632,2010,6,757.2,85.53999999999999,2519.05,1120.5966666666618,1126.653333333331
2010-07,Portugal,288.1,1,1,72,2010,7,3668.46,757.2,85.53999999999999,1503.7333333333283,1267.7999999999977
2010-08,Portugal,463.21999999999997,2,2,189,2010,8,288.1,3668.46,757.2,1571.2533333333286,1296.1966666666642
2010-09,Portugal,2964.58,6,4,1795,2010,9,463.21999999999997,288.1,3668.46,1473.259999999995,1296.9283333333308
2010-10,Portugal,2978.23,5,5,2224,2010,10,2964.58,463.21999999999997,288.1,1238.6333333333284,1371.183333333331
2010-11,Portugal,5482.52,8,5,2147,2010,11,2978.23,2964.58,463.21999999999997,2135.3433333333287,1853.2983333333311
2010-12,Portugal,2439.9700000000003,6,6,984,2010,12,5482.52,2978.23,2964.58,3808.443333333329,2640.851666666664
2011-01,Portugal,4055.71,4,4,2094,2011,1,2439.9700000000003,5482.52,2978.23,3633.5733333333287,2436.103333333331
2011-02,Portugal,1213.9,2,2,558,2011,2,4055.71,2439.9700000000003,5482.52,3992.7333333333286,3064.0383333333307
2011-03,Portugal,2660.85,5,4,1626,2011,3,1213.9,4055.71,2439.9700000000003,2569.8599999999956,3189.1516666666644
2011-04,Portugal,1687.75,2,2,951,2011,4,2660.85,1213.9,4055.71,2643.486666666662,3138.5299999999975
2011-05,Portugal,4202.2300000000005,5,1,315,2011,5,1687.75,2660.85,1213.9,1854.1666666666622,2923.4499999999975
2011-06,Portugal,884.46,3,3,421,2011,6,4202.2300000000005,1687.75,2660.85,2850.2766666666625,2710.0683333333313
2011-07,Portugal,2287.85,3,3,1436,2011,7,884.46,4202.2300000000005,1687.75,2258.1466666666624,2450.8166666666643
2011-08,Portugal,1221.4,1,1,1026,2011,8,2287.85,884.46,4202.2300000000005,2458.1799999999953,2156.173333333331
2011-09,Portugal,1433.22,3,3,899,2011,9,1221.4,2287.85,884.46,1464.5699999999954,2157.423333333331
2011-10,Portugal,6206.67,10,5,3286,2011,10,1433.22,1221.4,2287.85,1647.4899999999955,1952.818333333331
2011-11,Portugal,2644.9,10,7,1093,2011,11,6206.67,1433.22,1221.4,2953.763333333329,2705.971666666664
2011-12,Portugal,2808.19,4,4,1569,2011,12,2644.9,6206.67,1433.22,3428.263333333329,2446.4166666666642
2010-02,RSA,931.43,1,1,591,2010,2,,,,,
2010-10,RSA,1435.29,1,0,1027,2010,10,931.43,,,,
2010-11,RSA,1435.29,1,0,1,2010,11,1435.29,931.43,,,
2011-10,RSA,1002.3100000000001,1,1,351,2011,10,1435.29,1435.29,931.43,1267.336666666662,
2011-02,Saudi Arabia,145.92,1,1,80,2011,2,,,,,
2010-04,Singapore,1252.95,1,1,509,2010,4,,,,,
2010-09,Singapore,2784.82,3,1,1244,2010,9,1252.95,,,,
2011-01,Singapore,2053.07,1,1,1091,2011,1,2784.82,1252.95,,,
2011-04,Singapore,8209.58,3,1,1389,2011,4,2053.07,2784.82,1252.95,2030.2799999999954,
2011-07,Singapore,3949.32,1,1,2160,2011,7,8209.58,2053.07,2784.82,4349.156666666662,
2011-10,Singapore,7067.32,2,1,601,2011,10,3949.32,8209.58,2053.07,4737.323333333329,
2009-12,Spain,7950.18,5,4,3279,2009,12,,,,,
2010-01,Spain,4181.24,9,6,1194,2010,1,7950.18,,,,
2010-02,Spain,554.04,4,3,279,2010,2,4181.24,7950.18,,,
2010-03,Spain,1680.52,6,4,1043,2010,3,554.04,4181.24,7950.18,4228.486666666661,
2010-04,Spain,833.98,2,2,490,2010,4,1680.52,554.04,4181.24,2138.599999999995,
2010-05,Spain,2854.58,5,3,1498,2010,5,833.98,1680.52,554.04,1022.8466666666618,
2010-06,Spain,2332.2,2,2,884,2010,6,2854.58,833.98,1680.52,1789.6933333333284,3009.089999999998
2010-07,Spain,1134.81,3,3,806,2010,7,2332.2,2854.58,833.98,2006.9199999999953,2072.7599999999975
2010-08,Spain,1299.99,5,4,675,2010,8,1134.81,2332.2,2854.58,2107.1966666666617,1565.021666666664
2010-09,Spain,3770.45,6,6,2325,2010,9,1299.99,1134.81,2332.2,1588.9999999999952,1689.3466666666643
2010-10,Spain,14088.5,10,8,6948,2010,10,3770.45,1299.99,1134.81,2068.416666666662,2037.668333333331
2010-11,Spain,6126.21,7,6,2968,2010,11,14088.5,3770.45,1299.99,6386.313333333329,4246.754999999997
2010-12,Spain,1843.73,4,4,867,2010,12,6126.21,14088.5,3770.45,7995.053333333329,4792.026666666664
2011-01,Spain,10086.09,8,7,3845,2011,1,1843.73,6126.21,14088.5,7352.813333333328,4710.614999999997
2011-02,Spain,2114.5,4,4,870,2011,2,10086.09,1843.73,6126.21,6018.676666666662,6202.494999999998
2011-03,Spain,5363.15,8,8,2545,2011,3,2114.5,10086.09,1843.73,4681.439999999996,6338.246666666665
2011-04,Spain,1785.65,3,3,953,2011,4,5363.15,2114.5,10086.09,5854.5799999999945,6603.696666666663
2011-05,Spain,3257.6,4,3,1468,2011,5,1785.65,5363.15,2114.5,3087.7666666666614,4553.2216666666645
2011-06,Spain,3333.21,8,8,1538,2011,6,3257.6,1785.65,5363.15,3468.799999999995,4075.1199999999976
2011-07,Spain,7624.92,9,7,3438,2011,7,3333.21,3257.6,1785.65,2792.153333333328,4323.366666666664
2011-08,Spain,3346.91,10,6,1600,2011,8,7624.92,3333.21,3257.6,4738.576666666661,3913.171666666664
2011-09,Spain,5189.24,8,6,2683,2011,9,3346.91,7624.92,3333.21,4768.346666666662,4118.573333333331
2011-10,Spain,8636.94,8,7,4352,2011,10,5189.24,3346.91,7624.92,5387.023333333328,4089.5883333333313
2011-11,Spain,8678.96,14,12,3507,2011,11,8636.94,5189.24,3346.91,5724.363333333328,5231.4699999999975
2011-12,Spain,316.21,2,2,274,2011,12,8678.96,8636.94,5189.24,7501.713333333329,6135.029999999998
2009-12,Sweden,285.29999999999995,1,1,174,2009,12,,,,,
2010-01,Sweden,1680.15,3,2,1537,2010,1,285.29999999999995,,,,
2010-02,Sweden,8202.58,7,3,8497,2010,2,1680.15,285.29999999999995,,,
2010-03,Sweden,1691.58,6,4,698,2010,3,8202.58,1680.15,285.29999999999995,3389.3433333333287,
2010-04,Sweden,17698.12,16,3,18648,2010,4,1691.58,8202.58,1680.15,3858.103333333329,
2010-05,Sweden,3556.7599999999998,10,1,6084,2010,5,17698.12,1691.58,8202.58,9197.42666666666,
2010-06,Sweden,914.3000000000001,2,2,467,2010,6,3556.7599999999998,17698.12,1691.58,7648.819999999993,5519.081666666664
2010-07,Sweden,2590.78,2,2,2513,2010,7,914.3000000000001,3556.7599999999998,17698.12,7389.726666666662,5623.914999999997
2010-08,Sweden,2702.94,5,2,1827,2010,8,2590.78,914.3000000000001,3556.7599999999998,2353.9466666666617,5775.686666666664
2010-09,Sweden,2899.56,4,3,3526,2010,9,2702.94,2590.78,914.3000000000001,2069.339999999995,4859.079999999997
2010-10,Sweden,9369.41,8,6,7814,2010,10,2899.56,2702.94,2590.78,2731.0933333333287,5060.409999999997
2010-11,Sweden,1933.91,5,3,782,2010,11,9369.41,2899.56,2702.94,4990.636666666662,3672.2916666666642
2010-12,Sweden,3834.2999999999997,2,1,3954,2010,12,1933.91,9369.41,2899.56,4734.2933333333285,3401.8166666666643
2011-01,Sweden,3486.32,2,2,3097,2011,1,3834.2999999999997,1933.91,9369.41,5045.873333333328,3888.4833333333304
2011-02,Sweden,509.5,1,1,250,2011,2,3486.32,3834.2999999999997,1933.91,3084.8433333333287,4037.7399999999975
2011-03,Sweden,4720.58,3,2,5407,2011,3,509.5,3486.32,3834.2999999999997,2610.0399999999954,3672.1666666666642
2011-04,Sweden,809.1,2,2,310,2011,4,4720.58,509.5,3486.32,2905.466666666662,3975.669999999998
2011-05,Sweden,2681.98,3,2,2833,2011,5,809.1,4720.58,509.5,2013.0599999999956,2548.9516666666646
2011-06,Sweden,832.0,3,3,404,2011,6,2681.98,809.1,4720.58,2737.2199999999953,2673.629999999998
2011-07,Sweden,6802.09,3,2,6006,2011,7,832.0,2681.98,809.1,1441.0266666666619,2173.246666666664
2011-08,Sweden,1400.8600000000001,5,4,1314,2011,8,6802.09,832.0,2681.98,3438.689999999995,2725.8749999999977
2011-09,Sweden,4575.21,3,3,4344,2011,9,1400.8600000000001,6802.09,832.0,3011.6499999999955,2874.4349999999977
2011-10,Sweden,5766.16,3,2,6151,2011,10,4575.21,1400.8600000000001,6802.09,4259.386666666662,2850.2066666666638
2011-11,Sweden,2722.23,5,5,1973,2011,11,5766.16,4575.21,1400.8600000000001,3914.076666666662,3676.383333333331
2011-12,Sweden,238.0,1,1,40,2011,12,2722.23,5766.16,4575.21,4354.533333333328,3683.091666666664
2009-12,Switzerland,589.4,1,1,220,2009,12,,,,,
2010-02,Switzerland,477.68,1,1,306,2010,2,589.4,,,,
2010-03,Switzerland,951.62,3,2,454,2010,3,477.68,589.4,,,
2010-04,Switzerland,1939.76,2,2,1201,2010,4,951.62,477.68,589.4,672.8999999999952,
2010-05,Switzerland,9825.16,6,5,5947,2010,5,1939.76,951.62,477.68,1123.0199999999952,
2010-06,Switzerland,2362.47,2,2,1882,2010,6,9825.16,1939.76,951.62,4238.846666666662,
2010-07,Switzerland,743.99,5,3,507,2010,7,2362.47,9825.16,1939.76,4709.129999999996,2691.0149999999976
2010-08,Switzerland,2053.05,3,3,1062,2010,8,743.99,2362.47,9825.16,4310.539999999995,2716.7799999999975
2010-09,Switzerland,2474.44,4,3,1356,2010,9,2053.05,743.99,2362.47,1719.8366666666625,2979.341666666665
2010-10,Switzerland,8629.69,6,6,4611,2010,10,2474.44,2053.05,743.99,1757.159999999996,3233.144999999998
2010-11,Switzerland,13570.73,6,5,4599,2010,11,8629.69,2474.44,2053.05,4385.726666666663,4348.133333333331
2010-12,Switzerland,1304.92,2,2,714,2010,12,13570.73,8629.69,2474.44,8224.95333333333,4972.394999999998
2011-01,Switzerland,4231.23,3,3,2993,2011,1,1304.92,13570.73,8629.69,7835.113333333328,4796.1366666666645
2011-02,Switzerland,2654.92,5,4,1107,2011,2,4231.23,1304.92,13570.73,6368.9599999999955,5377.343333333331
2011-03,Switzerland,1870.23,3,3,986,2011,3,2654.92,4231.23,1304.92,2730.3566666666625,5477.654999999998
2011-04,Switzerland,2076.94,4,2,886,2011,4,1870.23,2654.92,4231.23,2918.793333333329,5376.953333333331
2011-05,Switzerland,3610.0099999999998,3,3,2249,2011,5,2076.94,1870.23,2654.92,2200.6966666666626,4284.82833333333
2011-06,Switzerland,7904.15,4,4,3970,2011,6,3610.0099999999998,2076.94,1870.23,2519.059999999996,2624.7083333333308
2011-07,Switzerland,3998.61,6,4,1828,2011,7,7904.15,3610.0099999999998,2076.94,4530.366666666662,3724.5799999999977
2011-08,Switzerland,4969.89,3,3,2998,2011,8,3998.61,7904.15,3610.0099999999998,5170.9233333333295,3685.8099999999977
2011-09,Switzerland,8284.86,7,5,4255,2011,9,4969.89,3998.61,7904.15,5624.216666666663,4071.638333333331
2011-10,Switzerland,8065.18,8,5,4866,2011,10,8284.86,4969.89,3998.61,5751.119999999995,5140.743333333331
2011-11,Switzerland,8118.96,6,4,3777,2011,11,8065.18,8284.86,4969.89,7106.643333333329,6138.78333333333
2010-06,Thailand,1956.84,1,1,2028,2010,6,,,,,
2010-07,Thailand,1113.7,1,1,524,2010,7,1956.84,,,,
2009-12,USA,141.0,1,1,1,2009,12,,,,,
2010-01,USA,2289.59,5,2,1344,2010,1,141.0,,,,
2010-05,USA,416.31,2,1,413,2010,5,2289.59,141.0,,,
2010-06,USA,896.0699999999999,4,2,551,2010,6,416.31,2289.59,141.0,948.9666666666625,
2010-07,USA,508.1,1,1,134,2010,7,896.0699999999999,416.31,2289.59,1200.6566666666624,
2010-10,USA,132.8,1,1,129,2010,10,508.1,896.0699999999999,416.31,606.8266666666624,
2010-11,USA,402.59999999999997,1,1,234,2010,11,132.8,508.1,896.0699999999999,512.3233333333291,730.6449999999976
2011-04,USA,383.95,1,1,137,2011,4,402.59999999999997,132.8,508.1,347.8333333333291,774.2449999999976
2011-10,USA,2311.2,2,2,1717,2011,10,383.95,402.59999999999997,132.8,306.4499999999957,456.6383333333309
2011-12,USA,885.24,2,2,604,2011,12,2311.2,383.95,402.59999999999997,1032.5833333333292,772.4533333333308
2009-12,United Arab Emirates,517.7,1,1,520,2009,12,,,,,
2010-02,United Arab Emirates,2822.0,4,1,1723,2010,2,517.7,,,,
2010-03,United Arab Emirates,1201.52,1,1,1359,2010,3,2822.0,517.7,,,
2010-08,United Arab Emirates,2047.28,1,1,1364,2010,8,1201.52,2822.0,517.7,1513.7399999999955,
2010-09,United Arab Emirates,383.24,2,0,557,2010,9,2047.28,1201.52,2822.0,2023.5999999999958,
2010-10,United Arab Emirates,509.92,2,1,351,2010,10,383.24,2047.28,1201.52,1210.6799999999957,
2010-11,United Arab Emirates,1713.69,2,1,465,2010,11,509.92,383.24,2047.28,980.1466666666624,1246.9433333333309
2011-02,United Arab Emirates,889.24,1,1,496,2011,2,1713.69,509.92,383.24,868.9499999999958,1446.2749999999978
2011-09,United Arab Emirates,1013.04,2,1,486,2011,9,889.24,1713.69,509.92,1037.6166666666625,1124.148333333331
2009-12,United Kingdom,750317.22,1595,904,387812,2009,12,,,,,
2010-01,United Kingdom,511797.662,998,663,257558,2010,1,750317.22,,,,
2010-02,United Kingdom,455136.286,1094,713,243628,2010,2,511797.662,750317.22,,,
2010-03,United Kingdom,721530.211,1549,984,406273,2010,3,455136.286,511797.662,750317.22,572417.056,
2010-04,United Kingdom,584609.731,1350,876,304496,2010,4,721530.211,455136.286,511797.662,562821.3863333333,
2010-05,United Kingdom,560187.81,1390,901,338718,2010,5,584609.731,721530.211,455136.286,587092.076,
2010-06,United Kingdom,652412.49,1523,968,349085,2010,6,560187.81,584609.731,721530.211,622109.2506666667,597263.1533333334
2010-07,United Kingdom,559442.54,1413,856,292280,2010,7,652412.49,560187.81,584609.731,599070.0103333333,580945.6983333334
2010-08,United Kingdom,596550.35,1320,849,332907,2010,8,559442.54,652412.49,560187.81,590680.9466666667,588886.5113333333
2010-09,United Kingdom,773073.501,1661,1048,496155,2010,9,596550.35,559442.54,652412.49,602801.7933333333,612455.522
2010-10,United Kingdom,1000408.88,2104,1379,525174,2010,10,773073.501,596550.35,559442.54,643022.1303333334,621046.0703333333
2010-11,United Kingdom,1275581.142,2520,1486,624597,2010,11,1000408.88,773073.501,596550.35,790010.9103333334,690345.9285
2010-12,United Kingdom,748253.98,1447,815,314148,2010,12,1275581.142,1000408.88,773073.501,1016354.5076666666,809578.1505
2011-01,United Kingdom,561289.98,971,647,315717,2011,1,748253.98,1275581.142,1000408.88,1008081.3339999999,825551.7321666665
2011-02,United Kingdom,430027.95,995,679,230269,2011,2,561289.98,748253.98,1275581.142,861708.3673333334,825859.6388333333
2011-03,United Kingdom,586230.28,1308,880,304992,2011,3,430027.95,561289.98,748253.98,579857.3033333333,798105.9055
2011-04,United Kingdom,476517.761,1153,784,276279,2011,4,586230.28,430027.95,561289.98,525849.4033333333,766965.3686666666
2011-05,United Kingdom,639314.36,1523,962,321773,2011,5,476517.761,586230.28,430027.95,497591.997,679650.1821666666
2011-06,United Kingdom,619510.67,1383,889,305101,2011,6,639314.36,476517.761,586230.28,567354.1336666667,573605.7185
2011-07,United Kingdom,601994.841,1337,859,334410,2011,7,619510.67,639314.36,476517.761,578447.5970000001,552148.5001666667
2011-08,United Kingdom,608047.48,1210,834,332758,2011,8,601994.841,619510.67,639314.36,620273.2903333334,558932.6436666667
2011-09,United Kingdom,897076.472,1645,1146,479040,2011,9,608047.48,601994.841,619510.67,609850.997,588602.5653333333
2011-10,United Kingdom,938975.01,1811,1230,505633,2011,10,897076.472,608047.48,601994.841,702372.931,640410.264
2011-11,United Kingdom,1325346.21,2490,1505,654992,2011,11,938975.01,897076.472,608047.48,814699.6540000001,717486.4721666668
2011-12,United Kingdom,592622.09,746,560,287266,2011,12,1325346.21,938975.01,897076.472,1053799.2306666665,831825.1138333334
2010-01,Unspecified,1035.1,2,2,382,2010,1,,,,,
2010-04,Unspecified,252.51999999999998,1,1,153,2010,4,1035.1,,,,
2010-07,Unspecified,2379.88,2,1,1276,2010,7,252.51999999999998,1035.1,,,
2010-09,Unspecified,1978.15,2,2,1256,2010,9,2379.88,252.51999999999998,1035.1,1222.5,
2010-11,Unspecified,540.57,4,1,367,2010,11,1978.15,2379.88,252.51999999999998,1536.8500000000001,
2011-04,Unspecified,299.1,1,1,282,2011,4,540.57,1978.15,2379.88,1632.8666666666668,
2011-05,Unspecified,1055.8700000000001,2,1,803,2011,5,299.1,540.57,1978.15,939.2733333333334,1080.8866666666665
2011-06,Unspecified,185.78,1,1,78,2011,6,1055.8700000000001,299.1,540.57,631.8466666666667,1084.3483333333334
2011-07,Unspecified,1425.41,4,2,1053,2011,7,185.78,1055.8700000000001,299.1,513.5833333333334,1073.2250000000001
2011-08,Unspecified,531.03,2,2,185,2011,8,1425.41,185.78,1055.8700000000001,889.0200000000001,914.1466666666666
2011-09,Unspecified,286.85,1,0,258,2011,9,531.03,1425.41,185.78,714.0733333333334,672.96
2011-11,Unspecified,965.75,2,0,641,2011,11,286.85,531.03,1425.41,747.7633333333333,630.6733333333333
2010-08,West Indies,536.41,1,1,395,2010,8,,,,,
